<?xml version="1.0" encoding="UTF-8"?><collection xmlns="http://www.loc.gov/MARC21/slim"><record><leader>00409nam--2200133-i-4500</leader><controlfield tag="001">000009614</controlfield><controlfield tag="002">20161230</controlfield><controlfield tag="005">20161230201028</controlfield><controlfield tag="008">060222s1000------------r-----000-0-eng-d</controlfield><datafield ind1=" " ind2=" " tag="100"><subfield code="a">Deberth, C., Cirstoiu, B. And Sandulescu, A</subfield></datafield><datafield ind1=" " ind2=" " tag="245"><subfield code="a">A fortran subroutine for calculating the besse l functions  and their derivates</subfield></datafield><datafield ind1=" " ind2=" " tag="260"><subfield code="a">Bucharest, Inst. Of Atomic Physics, 1971. 5 P</subfield></datafield><datafield ind1=" " ind2=" " tag="490"><subfield code="a">F.T</subfield></datafield><datafield ind1=" " ind2=" " tag="852"><subfield code="a">34682</subfield></datafield></record></collection>